 @article{happiness,
   title={Exploring the reciprocal relationships between happiness and life satisfact
   on of working adultsâ€”evidence from Abu Dhabi}, 
   volume={19},
   DOI={10.3390/ijerph19063575}, 
   number={6},
   journal={International Journal of Environmental Research and Public Health}, 
   author={Badri, Masood A. and Alkhaili, Mugheer and Aldhaheri, Hamad and Yang, Guan
   and Albahar, Muna and Alrashdi, Asma},
   year={2022}, 
   pages={3575}} 

